<collection xmlns="http://www.loc.gov/MARC21/slim">
<record>
  <leader>02633nam0a22004331i 450 </leader>
  <controlfield tag="001">IT\ICCU\CNCE\049922</controlfield>
  <controlfield tag="005">20180302000000.0</controlfield>
  <datafield tag="012" ind1=" " ind2=" ">
    <subfield code="a">elu- a-l- zae- faar (3) 1567 (R)</subfield>
    <subfield code="2">fei</subfield>
    <subfield code="9">1</subfield>
  </datafield>
  <datafield tag="012" ind1=" " ind2=" ">
    <subfield code="a">ersi i.si on,&amp; dila (3) 1567 (R)</subfield>
    <subfield code="2">fei</subfield>
    <subfield code="9">2</subfield>
  </datafield>
  <datafield tag="012" ind1=" " ind2=" ">
    <subfield code="a">s-n- i.si a-on qura (3) 1567 (R)</subfield>
    <subfield code="2">fei</subfield>
    <subfield code="9">3</subfield>
  </datafield>
  <datafield tag="100" ind1=" " ind2=" ">
    <subfield code="a">19991202d1567        0itac0103    ba</subfield>
  </datafield>
  <datafield tag="101" ind1=" " ind2=" ">
    <subfield code="a">ITA</subfield>
  </datafield>
  <datafield tag="102" ind1=" " ind2=" ">
    <subfield code="a">IT</subfield>
  </datafield>
  <datafield tag="200" ind1="1" ind2=" ">
    <subfield code="a">℗Il ℗primo \-terzo! libro delle prediche del reuerendissimo mons. Cornelio Musso, vescouo di Bitonto, con due tauole, l&apos;vna delle prediche, l&apos;altra delle cose piu notabili ... con molta diligenza corrette, e ristampate</subfield>
  </datafield>
  <datafield tag="210" ind1=" " ind2=" ">
    <subfield code="a">In Vinegia</subfield>
    <subfield code="c">appresso Gabriel Giolito de&apos; Ferrari</subfield>
    <subfield code="d">1567</subfield>
  </datafield>
  <datafield tag="215" ind1=" " ind2=" ">
    <subfield code="a">3 v.</subfield>
    <subfield code="d">4ʻ</subfield>
  </datafield>
  <datafield tag="620" ind1=" " ind2=" ">
    <subfield code="a">IT</subfield>
    <subfield code="d">Venezia</subfield>
  </datafield>
  <datafield tag="700" ind1=" " ind2="1">
    <subfield code="a">Musso,</subfield>
    <subfield code="b">Cornelio</subfield>
    <subfield code="3">IT\ICCU\CNCA\001160</subfield>
  </datafield>
  <datafield tag="712" ind1="0" ind2="0">
    <subfield code="a">Giolito De Ferrari, Gabriele</subfield>
    <subfield code="3">IT\ICCU\CNCT\000033</subfield>
    <subfield code="4">650</subfield>
  </datafield>
  <datafield tag="790" ind1=" " ind2="1">
    <subfield code="a">Mussi,</subfield>
    <subfield code="b">Cornelio</subfield>
    <subfield code="3">IT\ICCU\CNCA\007262</subfield>
    <subfield code="z">Musso, Cornelio</subfield>
  </datafield>
  <datafield tag="790" ind1=" " ind2="1">
    <subfield code="a">Mussus,</subfield>
    <subfield code="b">Cornelius</subfield>
    <subfield code="3">IT\ICCU\CNCA\021133</subfield>
    <subfield code="z">Musso, Cornelio</subfield>
  </datafield>
  <datafield tag="791" ind1="0" ind2="0">
    <subfield code="a">Iolitus de Ferrariis, Gabriel</subfield>
    <subfield code="3">IT\ICCU\CNCT\003847</subfield>
    <subfield code="z">Giolito De Ferrari, Gabriele</subfield>
  </datafield>
  <datafield tag="791" ind1="0" ind2="0">
    <subfield code="a">Iolito de Ferrarii, Gabriel</subfield>
    <subfield code="3">IT\ICCU\CNCT\004885</subfield>
    <subfield code="z">Giolito De Ferrari, Gabriele</subfield>
  </datafield>
  <datafield tag="801" ind1=" " ind2="3">
    <subfield code="a">IT</subfield>
    <subfield code="b">ICCU</subfield>
    <subfield code="c">20201115</subfield>
  </datafield>
  <datafield tag="899" ind1=" " ind2=" ">
    <subfield code="a">Biblioteca del Seminario vescovile. Asti</subfield>
    <subfield code="z">MUTILO</subfield>
    <subfield code="1">AT0005</subfield>
    <subfield code="2">TO0 45</subfield>
  </datafield>
  <datafield tag="899" ind1=" " ind2=" ">
    <subfield code="a">Biblioteca universitaria. Bologna</subfield>
    <subfield code="1">BO0098</subfield>
    <subfield code="2">UBO BU</subfield>
  </datafield>
  <datafield tag="899" ind1=" " ind2=" ">
    <subfield code="a">Biblioteca provinciale dei frati minori cappuccini Madonna di Pompei. Messina</subfield>
    <subfield code="z">MUTILO</subfield>
    <subfield code="1">ME0179</subfield>
    <subfield code="2">MES FC</subfield>
  </datafield>
  <datafield tag="899" ind1=" " ind2=" ">
    <subfield code="a">Biblioteca nazionale Braidense. Milano</subfield>
    <subfield code="z">MUTILO</subfield>
    <subfield code="1">MI0185</subfield>
    <subfield code="2">MIL NB</subfield>
  </datafield>
  <datafield tag="899" ind1=" " ind2=" ">
    <subfield code="a">Biblioteca dell&apos;Istituto Leone XIII. Milano</subfield>
    <subfield code="1">MI0307</subfield>
    <subfield code="2">LO1 32</subfield>
  </datafield>
  <datafield tag="899" ind1=" " ind2=" ">
    <subfield code="a">Biblioteca dell&apos;Istituto italiano per gli studi storici. Napoli</subfield>
    <subfield code="z">MUTILO</subfield>
    <subfield code="1">NA0120</subfield>
    <subfield code="2">NAP CR</subfield>
  </datafield>
  <datafield tag="899" ind1=" " ind2=" ">
    <subfield code="a">Biblioteca comunale Passerini Landi. Piacenza</subfield>
    <subfield code="z">MUTILO</subfield>
    <subfield code="1">PC0030</subfield>
    <subfield code="2">PIA PL</subfield>
  </datafield>
  <datafield tag="899" ind1=" " ind2=" ">
    <subfield code="a">Biblioteca comunale Francesco Melosio. Citt ̉della Pieve</subfield>
    <subfield code="z">MUTILO</subfield>
    <subfield code="1">PG0031</subfield>
    <subfield code="2">UM1 14</subfield>
  </datafield>
  <datafield tag="899" ind1=" " ind2=" ">
    <subfield code="a">Biblioteca Saveriana Conforti. Parma</subfield>
    <subfield code="z">MUTILO</subfield>
    <subfield code="1">PR0028</subfield>
    <subfield code="2">PAR 01</subfield>
  </datafield>
  <datafield tag="899" ind1=" " ind2=" ">
    <subfield code="a">Biblioteca Palatina. Parma</subfield>
    <subfield code="z">MUTILO</subfield>
    <subfield code="1">PR0072</subfield>
    <subfield code="2">PAR PA</subfield>
  </datafield>
  <datafield tag="899" ind1=" " ind2=" ">
    <subfield code="a">Biblioteca universitaria. Pavia</subfield>
    <subfield code="z">MUTILO</subfield>
    <subfield code="1">PV0291</subfield>
    <subfield code="2">MIL UP</subfield>
  </datafield>
  <datafield tag="899" ind1=" " ind2=" ">
    <subfield code="a">Biblioteca statale del Monumento nazionale S. Scolastica. Subiaco</subfield>
    <subfield code="z">MUTILO</subfield>
    <subfield code="1">RM0602</subfield>
    <subfield code="2">BVE SU</subfield>
  </datafield>
  <datafield tag="899" ind1=" " ind2=" ">
    <subfield code="a">Biblioteca nazionale Marciana. Venezia</subfield>
    <subfield code="z">MUTILO</subfield>
    <subfield code="1">VE0049</subfield>
    <subfield code="2">VEA BM</subfield>
  </datafield>
  <datafield tag="911" ind1=" " ind2=" ">
    <subfield code="a">Sui front.</subfield>
    <subfield code="9">IT\ICCU\CNCM\000210</subfield>
  </datafield>
  <datafield tag="921" ind1=" " ind2=" ">
    <subfield code="a">IT\ICCU\CNCM\000210</subfield>
    <subfield code="b">Fenice, rivolta al sole, su fiamme che si sprigionano da un&apos;anfora recante  le iniziali G.G.F. In cornice</subfield>
    <subfield code="e">Semper eadem; Vivo morte refecta mea</subfield>
    <subfield code="c">A122</subfield>
    <subfield code="c">V364</subfield>
    <subfield code="c">Z540</subfield>
    <subfield code="d">Dimensioni: 7 x 9</subfield>
    <subfield code="f">ANFORA</subfield>
    <subfield code="f">FENICE</subfield>
    <subfield code="f">FIAMME</subfield>
    <subfield code="f">SEMPEREADE</subfield>
    <subfield code="f">GGF</subfield>
    <subfield code="g">1543-1591</subfield>
  </datafield>
</record>
</collection>
